@article{malaga,
AUTHOR = {Einecke, S.},
TITLE = {Search for High-Confidence Blazar Candidates and Their MWL Counterparts in the \textit{Fermi}-LAT Catalog Using Machine Learning},
JOURNAL = {Galaxies},
VOLUME = {4},
YEAR = {2016},
NUMBER = {3},
PAGES = {14},
URL = {http://www.mdpi.com/2075-4434/4/3/14},
KEYWORDS = {einecke},
DOI = {10.3390/galaxies4030014}
}

@inproceedings{factspectrum,
      author         = {F. Temme and M.L. Ahnen and M. Balbo and M. Bergmann and A. Biland and C. Bockermann and T. Bretz and others},
      title          = {{FACT - First Energy Spectrum from a SiPM Cherenkov Telescope}},
      publisher      = {Proceedings of Science},
      booktitle   = {The 34th International Cosmic Ray Conference},
      year           = {2015},
      venue          = {The Hague, The Netherlands},
      number          = {707},
      keywords       = {einecke}
}

@article{inference,
  author={K. Eckle and N. Bissantz and H. Dette and K. Proksch and S. Einecke},
  title={Multiscale Inference for a Multivariate Density with Applications to X-Ray Astronomy},
  journal={Annals of the Institue of Statistical Mathematics},
  year=2017,
  keywords={einecke}
}
